<record><leader>00000cas a22000007a 4500</leader><controlfield tag="001">16827113</controlfield><controlfield tag="008">871008d18801887inudr ne      0    0eng d</controlfield><datafield ind1=" " ind2=" " tag="010"><subfield code="a">sn 87056670 </subfield></datafield><datafield ind1=" " ind2=" " tag="040"><subfield code="a">NPI</subfield><subfield code="b">eng</subfield><subfield code="c">NPI</subfield><subfield code="d">OCLCQ</subfield></datafield><datafield ind1=" " ind2=" " tag="042"><subfield code="a">msc</subfield></datafield><datafield ind1="0" ind2="4" tag="245"><subfield code="a">The South Bend evening register.</subfield></datafield><datafield ind1="3" ind2="0" tag="246"><subfield code="a">Sunday register</subfield></datafield><datafield ind1="3" ind2="0" tag="246"><subfield code="a">Sunday morning register</subfield></datafield><datafield ind1="3" ind2="0" tag="246"><subfield code="a">South Bend Sunday register</subfield></datafield><datafield ind1=" " ind2=" " tag="260"><subfield code="a">South Bend, Ind. :</subfield><subfield code="b">Register Print. Co.,</subfield><subfield code="c">1880-</subfield></datafield><datafield ind1=" " ind2=" " tag="310"><subfield code="a">Daily</subfield></datafield><datafield ind1="0" ind2=" " tag="362"><subfield code="a">6th year, no. 1639 (Nov. 30, 1880)-</subfield></datafield><datafield ind1="1" ind2=" " tag="362"><subfield code="a">Ceased in 1887?</subfield></datafield><datafield ind1=" " ind2=" " tag="500"><subfield code="a">On Sunday published as: The Sunday register, 1880-&lt;Sept. 11, 1881&gt;, and: The Sunday morning register, &lt;Oct. 2, 1881&gt;-&lt;May 13, 1883&gt;; and: The South Bend Sunday register, &lt;May 27, 1883-Dec. 28, 1884&gt;.</subfield></datafield><datafield ind1=" " ind2=" " tag="580"><subfield code="a">Also published in a weekly ed. called: St. Joseph Valley register.</subfield></datafield><datafield ind1=" " ind2=" " tag="588"><subfield code="a">Latest issue consulted: 8th year, no. 2309 (Dec. 30, 1882)</subfield></datafield><datafield ind1=" " ind2=" " tag="752"><subfield code="a">United States</subfield><subfield code="b">Indiana</subfield><subfield code="c">Saint Joseph</subfield><subfield code="d">South Bend.</subfield></datafield><datafield ind1="1" ind2=" " tag="775"><subfield code="t">St. Joseph Valley register</subfield><subfield code="w">(DLC)sn 82014547</subfield></datafield><datafield ind1="0" ind2="0" tag="780"><subfield code="t">Evening register (South Bend, Ind.)</subfield><subfield code="w">(DLC)sn 87056669</subfield></datafield></record>